%% This BibTeX bibliography file was created using BibDesk.
%% http://bibdesk.sourceforge.net/


%% Created for Leif Azzopardi at 2016-05-12 11:50:37 +0100 


%% Saved with string encoding Unicode (UTF-8) 

@inproceedings{ath2014ift,
 author = {Athukorala, K. and Oulasvirta, A. and Glowacka, D. and Vreeken, J. and Jacucci, G.},
 title = {Narrow or Broad?: Estimating Subjective Specificity in Exploratory Search},
 booktitle = {Proceedings of the 23rd ACM International Conference on Conference on Information and Knowledge Management},
 series = {CIKM '14},
 year = {2014},
 location = {Shanghai, China},
 pages = {819--828},
 numpages = {10}
 } 




@article{zach2005stopping_behaviours,
	Author = {Zach, L.},
	Journal = {J. American Soc. for Info. Sci. and Tech.},
	Number = {1},
	Numpages = {13},
	Pages = {23--35},
	Title = {When is ``Enough'' Enough? Modeling the Information-seeking and Stopping Behavior of Senior Arts Administrators: Research Articles},
	Volume = {56},
	Year = {2005}}

@inproceedings{hassan2013beyond_clicks,
	Author = {Hassan, Ahmed and Shi, Xiaolin and Craswell, Nick and Ramsey, Bill},
	Booktitle = {Proc. 22\textsuperscript{nd} CIKM},
	Location = {San Francisco, California, USA},
	Numpages = {10},
	Pages = {2019--2028},
	Title = {Beyond Clicks: Query Reformulation As a Predictor of Search Satisfaction},
	Year = {2013}}


@inproceedings{kelly2011remote,
 author = {Kelly, Diane and Gyllstrom, Karl},
 title = {An Examination of Two Delivery Modes for Interactive Search System Experiments: Remote and Laboratory},
 booktitle = {Proc. 29\textsuperscript{th} ACM SIGCHI},
 year = {2011},
 pages = {1531--1540},
 numpages = {10},
} 


@article{voorhees2000overview,
  title={Overview of the sixth text retrieval conference (TREC-6)},
  author={Voorhees, Ellen M and Harman, Donna},
  journal={Information Processing \& Management},
  volume={36},
  number={1},
  pages={3--35},
  year={2000},
  publisher={Elsevier}
}

@article{over2001trec,
  title={The TREC interactive track: an annotated bibliography},
  author={Over, Paul},
  journal={Inf. Proc. \& Mgt.},
  volume={37},
  number={3},
  pages={369--381},
  year={2001},
  publisher={Elsevier}
}

@inproceedings{chen2006lessismore,
  title={Less is more: probabilistic models for retrieving fewer relevant documents},
  author={Chen, Harr and Karger, David R},
  booktitle={Proc. 29\textsuperscript{th} ACM SIGIR},
  pages={429--436},
  year={2006},
}

@inproceedings{zhai2015subtopics,
  title={Beyond independent relevance: methods and evaluation metrics for subtopic retrieval},
  author={Zhai, ChengXiang and Cohen, William W and Lafferty, John},
  booktitle={ACM SIGIR Forum},
  volume={49},
  number={1},
  pages={2--9},
  year={2015},
  organization={ACM}
}

@inproceedings{santos2011intent,
  title={Intent-aware search result diversification},
  author={Santos, Rodrygo LT and Macdonald, Craig and Ounis, Iadh},
  booktitle={Proc. 34\textsuperscript{th} ACM SIGIR},
  pages={595--604},
  year={2011},
  organization={ACM}
}


@inproceedings{syed2017sal,
 author = {Syed, Rohail and Collins-Thompson, Kevyn},
 title = {Retrieval Algorithms Optimized for Human Learning},
 booktitle = {Proc. 40\textsuperscript{th} ACM SIGIR},
 year = {2017},
 pages = {555--564},
} 

@inproceedings{collins2017sal,
  title={Search as Learning (Dagstuhl Seminar 17092)},
  author={Collins-Thompson, Kevyn and Hansen, Preben and Hauff, Claudia},
  booktitle={Dagstuhl Reports},
  volume={7},
  number={2},
  year={2017},
}

@article{over2001interactive_track,
  author = {Over, Paul},
  title = {The TREC Interactive Track: An Annotated Bibliography},
  journal = {Info. Process. Manage.},
  issue_date = {May 2001},
  volume = {37},
  number = {3},
  year = {2001},
  pages = {369--381},
  numpages = {13},
}

@article{harman1993trec1,
  title={Overview of the First Text REtrieval Conference (TREC-1)},
  author={Harman, Donna}
}



@inproceedings{teevan2013slow_search,
 author = {Teevan, Jaime and Collins-Thompson, Kevyn and White, Ryen W. and Dumais, Susan T. and Kim, Yubin},
 title = {Slow Search: Information Retrieval Without Time Constraints},
 booktitle = {Proceedings of the Symposium on Human-Computer Interaction and Information Retrieval},
 year = {2013},
 pages = {1:1--1:10}
} 

@book{morris2010collab_search,
 author = {Morris, Meredith Ringel and Teevan, Jaime},
 title = {Collaborative Search: Who, What, Where, When, Why, and How},
 year = {2010},
 isbn = {1608451216, 9781608451210},
 publisher = {Morgan and Claypool Publishers},
} 



@article{fu2007snif_act,
 author = {Fu, W-T and Pirolli, P.},
 title = {SNIF-ACT: A Cognitive Model of User Navigation on the World Wide Web},
 journal = {Human Computer Interaction},
 volume = {22},
 number = {4},
 year = {2007},
 pages = {355--412},
 numpages = {58}
} 

@article{mcdonald1998interactive,
  title={Interactive information retrieval using term relationship networks},
  author={McDonald, Jim and Ogden, William and Foltz, Peter},
  journal={NIST Special Publication},
  pages={379--384},
  year={1998},
}

@article{amati2002dfr,
	Author = {Amati, G. and Van Rijsbergen, C.J.},
	Issue_Date = {October 2002},
	Journal = {ACM TOIS},
	Number = {4},
	Numpages = {33},
	Pages = {357--389},
	Title = {Probabilistic Models of Information Retrieval Based on Measuring the Divergence from Randomness},
	Volume = {20},
	Year = {2002}}

@inproceedings{meij2009query_model,
	Author = {Meij, E. and Weerkamp, W. and de Rijke, M.},
	Booktitle = {Proc. 18\textsuperscript{th} ACM CIKM},
	Numpages = {4},
	Pages = {1903--1906},
	Title = {A Query Model Based on Normalized Log-likelihood},
	Year = {2009}}

@article{borlund2003iir,
	Author = {Borlund, P.},
	Journal = {Info. research},
	Number = {3},
	Title = {The IIR evaluation model: a framework for evaluation of IIR systems},
	Volume = {8},
	Year = {2003}}

@article{bates1989berry,
	Author = {Bates, M.J.},
	Journal = {Online Information Review},
	Number = {5},
	Pages = {407--424},
	Publisher = {MCB UP Ltd},
	Title = {The design of browsing and berrypicking techniques for the online search interface},
	Volume = {13},
	Year = {1989}}

@article{jarvelin2002ndcg,
	Author = {J\"{a}rvelin, K. and Kek\"{a}l\"{a}inen, J.},
	Journal = {TOIS},
	Number = {4},
	Numpages = {25},
	Pages = {422--446},
	Title = {{Cumulative gain-based evaluation of IR techniques}},
	Volume = {20},
	Year = {2002}}

@article{jones1995thesaurus,
	Author = {Jones, Susan and Gatford, Mike and Robertson, Steve and Hancock-Beaulieu, Micheline and Secker, Judith and Walker, Steve},
	Journal = {Journal of the American Society for Information Science},
	Number = {1},
	Pages = {52--59},
	Title = {Interactive thesaurus navigation: Intelligence rules OK?},
	Volume = {46},
	Year = {1995}}

@inproceedings{azzopardi2013query_cost,
	Author = {Azzopardi, L. and Kelly, D. and Brennan, K.},
	Booktitle = {Proceedings of 36\textsuperscript{th} ACM SIGIR},
	Location = {Dublin, Ireland},
	Numpages = {10},
	Pages = {23--32},
	Title = {How Query Cost Affects Search Behavior},
	Year = {2013}}

@inproceedings{hall1969telephone,
	Author = {Hall, W. A.},
	Booktitle = {Proc. 3\textsuperscript{rd} Conf. on Applications of Simulation},
	Location = {Los Angeles, California, USA},
	Numpages = {8},
	Pages = {434--441},
	Publisher = {Winter Simulation Conference},
	Title = {A General Simulation Model of an On-line Telephone Directory Assistance Information Retrieval System},
	Year = {1969}}

@inproceedings{jarvelin2009graded_relevance,
	Author = {J\"{a}rvelin, K.},
	Booktitle = {Proc. 18\textsuperscript{th} ACM CIKM},
	Location = {Hong Kong, China},
	Numpages = {4},
	Pages = {2053--2056},
	Title = {Interactive Relevance Feedback with Graded Relevance and Sentence Extraction: Simulated User Experiments},
	Year = {2009}}

@inproceedings{jiang2012query_reformulations,
	Author = {Jiang, Jiepu and He, Daqing and Han, Shuguang and Yue, Zhen and Ni, Chaoqun},
	Booktitle = {Proceedings of CIKM 2012},
	Location = {Maui, Hawaii, USA},
	Numpages = {4},
	Pages = {2635--2638},
	Title = {Contextual Evaluation of Query Reformulations in a Search Session by User Simulation},
	Year = {2012}}

@inproceedings{zhao2012term_mismatch,
	Author = {Zhao, Le and Callan, Jamie},
	Booktitle = {Proceedings of SIGIR 2012},
	Location = {Portland, Oregon, USA},
	Numpages = {10},
	Pages = {515--524},
	Title = {Automatic Term Mismatch Diagnosis for Selective Query Expansion},
	Year = {2012}}

@inproceedings{ruthven2003interactive_query_expansion,
	Author = {Ruthven, I.},
	Booktitle = {Proc. 26\textsuperscript{th} ACM SIGIR},
	Location = {Toronto, Canada},
	Numpages = {8},
	Pages = {213--220},
	Title = {Re-examining the Potential Effectiveness of Interactive Query Expansion},
	Year = {2003}}

@incollection{ghani2001web_query_generation,
	Author = {Ghani, Rayid and Jones, Rosie and Mladenic, Dunja},
	Booktitle = {Web Intelligence: Research and Development},
	Pages = {508-513},
	Series = {Lecture Notes in Computer Science},
	Title = {Online Learning for Web Query Generation: Finding Documents Matching a Minority Concept on the Web},
	Volume = {2198},
	Year = {2001}}

@inproceedings{somlo2003query_generation_profiles,
	Author = {Somlo, Gabriel L. and Howe, Adele E.},
	Booktitle = {Proceedings of AAMAS 2003},
	Location = {Melbourne, Australia},
	Numpages = {7},
	Pages = {812--818},
	Title = {Using Web Helper Agent Profiles in Query Generation},
	Year = {2003}}

@article{bailey2003wt10g,
	Author = {Bailey, P. and Craswell, N. and Hawking, D.},
	Journal = {Info. Processing and Management},
	Number = {6},
	Numpages = {19},
	Pages = {853--871},
	Title = {Engineering a Multi-purpose Test Collection for Web Retrieval Experiments},
	Volume = {39},
	Year = {2003}}

@inproceedings{jarvelin2000ndcg,
	Author = {J\"{a}rvelin, Kalervo and Kek\"{a}l\"{a}inen, Jaana},
	Booktitle = {Proceedings of SIGIR 2000},
	Location = {Athens, Greece},
	Numpages = {8},
	Pages = {41--48},
	Title = {IR Evaluation Methods for Retrieving Highly Relevant Documents},
	Year = {2000}}

@inproceedings{cleverdon1960cranfield,
	Author = {Cleverdon, C.W.},
	Booktitle = {ASLIB Proceedings},
	Pages = {421 -- 431},
	Title = {ASLIB Cranfield research project on the comparative efficiency of indexing systems},
	Volume = {XII},
	Year = {1960}}

@inproceedings{harman2010cranfield,
	Author = {Harman, D.},
	Booktitle = {Proceedings of SIGIR 2010},
	Location = {Geneva, Switzerland},
	Numpages = {1},
	Pages = {1--1},
	Title = {Is the Cranfield Paradigm Outdated?},
	Year = {2010}}

@article{moffat2008rbp,
	Articleno = {2},
	Author = {Moffat, A. and Zobel, J.},
	Journal = {ACM Trans. on Info. Systems},
	Number = {1},
	Pages = {2:1--2:27},
	Title = {Rank-biased Precision for Measurement of Retrieval Effectiveness},
	Volume = {27},
	Year = {2008}}

@inproceedings{moffat2013user_models,
	Author = {Moffat, A. and Thomas, P. and Scholer, F.},
	Booktitle = {Proc. 22\textsuperscript{nd} ACM CIKM},
	Location = {San Francisco, California, USA},
	Numpages = {10},
	Pages = {659--668},
	Title = {Users Versus Models: What Observation Tells Us About Effectiveness Metrics},
	Year = {2013}}

@inproceedings{maxwell2014temporal_delays,
	Author = {Maxwell, D. and Azzopardi, L.},
	Booktitle = {Proc. 5\textsuperscript{th} IIiX},
	Location = {Regensburg, Germany},
	Numpages = {10},
	Pages = {155--164},
	Title = {Stuck in Traffic: How Temporal Delays Affect Search Behaviour},
	Year = {2014}}

@inproceedings{baskaya2013behavioural_factors,
	Author = {Baskaya, F. and Keskustalo, H. and J\"{a}rvelin, K.},
	Booktitle = {Proc. 22\textsuperscript{nd} ACM CIKM},
	Location = {San Francisco, California, USA},
	Numpages = {6},
	Pages = {2297--2302},
	Title = {Modeling behavioral factors in interactive information retrieval},
	Year = {2013}}

@inproceedings{urruty2008facet_simulation,
	Author = {Urruty, T. and Hopfgartner, F. and Villa, R. and Gildea, N. and Jose, J.M.},
	Booktitle = {Proc. 8\textsuperscript{th} ACM/IEEE-CS JCDL},
	Numpages = {1},
	Title = {A Cluster-based Simulation of Facet-based Search},
	Year = {2008}}

@inproceedings{baskaya2012simulating_sessions,
	Author = {Baskaya, F. and Keskustalo, H. and J\"{a}rvelin, K.},
	Booktitle = {Proc. 35\textsuperscript{th} ACM SIGIR},
	Location = {Portland, Oregon, USA},
	Numpages = {10},
	Pages = {105--114},
	Title = {Time Drives Interaction: Simulating Sessions in Diverse Searching Environments},
	Year = {2012}}

@phdthesis{baskaya2014phd,
	Author = {Baskaya, F.},
	School = {University of Tampere, School of Information Sciences, Finland},
	Title = {Simulating Search Sessions in Interactive Information Retrieval Evaluation},
	Year = {2014}}

@inproceedings{thomas2014modelling_behaviour,
	Author = {Thomas, P. and Moffat, A. and Bailey, P. and Scholer, F.},
	Booktitle = {Proc. 5\textsuperscript{th} IIiX},
	Keywords = {evaluation, retrieval experiment, system measurement},
	Location = {Regensburg, Germany},
	Numpages = {4},
	Pages = {239--242},
	Title = {Modeling Decision Points in User Search Behavior},
	Year = {2014}}

@inproceedings{azzopardi2009query_side_evaluation,
	Author = {Azzopardi, L.},
	Booktitle = {Proceedings of the 32\textsuperscript{nd} ACM SIGIR},
	Location = {Boston, MA, USA},
	Numpages = {8},
	Pages = {556--563},
	Title = {Query Side Evaluation: An Empirical Analysis of Effectiveness and Effort},
	Year = {2009}}

@incollection{keskustalo2006rf,
	Author = {Keskustalo, H. and J\"{a}rvelin, K. and Pirkola, A.},
	Booktitle = {Adv. in IR},
	Pages = {191-204},
	Series = {LNCS},
	Title = {The Effects of Relevance Feedback Quality and Quantity in Interactive Relevance Feedback: A Simulation Based on User Modeling},
	Volume = {3936},
	Year = {2006}}

@article{hartmann2001simulation,
	Author = {{Hartmann}, A.~K. and {Rieger}, H.},
	Title = {{A practical guide to computer simulations}},
	Year = 2001}

@incollection{robertson1988relevance_weighting,
	Author = {Robertson, S.E. and Sparck Jones, K.},
	Chapter = {Relevance Weighting of Search Terms},
	Numpages = {18},
	Pages = {143--160},
	Title = {Document Retrieval Systems},
	Year = {1988}}

@inproceedings{jordan2006cqg,
	Author = {Jordan, C. and Watters, C. and Gao, Q.},
	Booktitle = {Proc. 6\textsuperscript{th} ACM/IEEE-CS JCDL},
	Pages = {286-295},
	Title = {Using controlled query generation to evaluate blind relevance feedback algorithms},
	Year = {2006}}

@inproceedings{azzopardi07simulatedqueries,
	Author = {L. Azzopardi and M. de Rijke and K. Balog},
	Booktitle = {SIGIR '07},
	Location = {Amsterdam, The Netherlands},
	Pages = {455--462},
	Title = {Building simulated queries for known-item topics: an analysis using six european languages},
	Year = {2007}}

@inproceedings{azzopardi2011economics,
	Author = {Azzopardi, L.},
	Booktitle = {Proc. 34\textsuperscript{th} ACM SIGIR},
	Location = {Beijing, China},
	Pages = {15--24},
	Title = {The Economics in Interactive Information Retrieval},
	Year = {2011}}

@inproceedings{smucker2006find-similar,
	Author = {Smucker, M.D. and Allan, J.},
	Booktitle = {Proc. 29\textsuperscript{th} ACM SIGIR},
	Numpages = {8},
	Pages = {461--468},
	Title = {Find-similar: Similarity Browsing As a Search Tool},
	Year = {2006}}

@inproceedings{smucker2012tbg,
	Author = {Smucker, M.D. and Clarke, C.L.A.},
	Booktitle = {Proc. 35\textsuperscript{th} ACM SIGIR},
	Location = {Portland, Oregon, USA},
	Numpages = {10},
	Pages = {95--104},
	Title = {Time-based Calibration of Effectiveness Measures},
	Year = {2012}}

@inproceedings{smucker2011user_strategies,
	Author = {Smucker, M.D.},
	Booktitle = {Proc. of 5\textsuperscript{th} HCIR},
	Title = {An analysis of user strategies for examining and processing ranked lists of documents},
	Year = {2011}}

@inproceedings{azzopardi2007simulated_queries,
	Author = {Azzopardi, L. and de Rijke, M. and Balog, K.},
	Booktitle = {Proc. 30\textsuperscript{th} ACM SIGIR},
	Keywords = {multilingual retrieval, query generation, query simulation},
	Location = {Amsterdam, The Netherlands},
	Numpages = {8},
	Pages = {455--462},
	Title = {Building Simulated Queries for Known-item Topics: An Analysis Using Six European Languages},
	Year = {2007}}

@article{keskustalo2008user_simulation,
	Author = {Keskustalo, H. and J\"{a}rvelin, K. and Pirkola, A.},
	Journal = {Information Retrieval},
	Keywords = {Evaluation, Relevance feedback, Simulation, User modeling},
	Number = {3},
	Numpages = {20},
	Pages = {209--228},
	Title = {Evaluating the Effectiveness of Relevance Feedback Based on a User Simulation Model: Effects of a User Scenario on Cumulated Gain Value},
	Volume = {11},
	Year = {2008}}

@inproceedings{bailey2015user_variability,
	Author = {Bailey, P. and Moffat, A. and Scholer, F. and Thomas, P.},
	Booktitle = {Proc 38\textsuperscript{th} ACM SIGIR},
	Location = {Santiago, Chile},
	Numpages = {10},
	Pages = {625--634},
	Title = {User Variability and IR System Evaluation},
	Year = {2015}}

@inproceedings{keskustalo2009querying,
	Author = {Keskustalo, H. and J\"{a}rvelin, K. and Pirkola, A. and Sharma, T. and Lykke, M.},
	Booktitle = {Proc. 5\textsuperscript{th} AIRS},
	Location = {Sapporo, Japan},
	Numpages = {12},
	Pages = {63--74},
	Title = {Test Collection-Based IR Evaluation Needs Extension Toward Sessions --- A Case of Extremely Short Queries},
	Year = {2009}}

@inproceedings{lin2008pubmed,
	Author = {Lin, J. and Smucker, M.D.},
	Booktitle = {Proc. 31\textsuperscript{st} ACM SIGIR},
	Location = {Singapore, Singapore},
	Numpages = {8},
	Pages = {19--26},
	Title = {How Do Users Find Things with PubMed?: Towards Automatic Utility Evaluation with User Simulations},
	Year = {2008}}

@inproceedings{arvola2012user_model,
	Author = {Arvola, P. and Vainio, J. and Junkkari, M. and Kek\"{a}l\"{a}inen, J.},
	Booktitle = {Proc. 4\textsuperscript{th} IIiX},
	Keywords = {browsing behavior, evaluation, focused retrieval, simulated interaction, user interfaces},
	Location = {Nijmegen, The Netherlands},
	Numpages = {4},
	Pages = {238--241},
	Title = {Model for Simulating Result Document Browsing in Focused Retrieval},
	Year = {2012}}

@inproceedings{arampatzis2008query_length,
	Author = {Arampatzis, A. and Kamps, J.},
	Booktitle = {Proc. 31\textsuperscript{st} ACM SIGIR},
	Keywords = {Zipf's law, power-law, query length, transaction log analysis},
	Location = {Singapore, Singapore},
	Numpages = {2},
	Pages = {811--812},
	Title = {A Study of Query Length},
	Year = {2008}}

@book{jeffrey1990logic,
	Author = {Jeffrey, R.C.},
	Publisher = {University of Chicago Press},
	Title = {The Logic of Decision},
	Year = {1990}}

@article{jansen2000query_reformulations_excite,
	Author = {Spink, Amanda and Jansen, Bernard J. and Cenk Ozmultu, H.},
	Journal = {Internet Research},
	Number = {4},
	Pages = {317-328},
	Title = {Use of query reformulation and relevance feedback by Excite users},
	Volume = {10},
	Year = {2000}}



@article{jansen2006search_logs,
	Author = {Jansen, Bernard J. and Spink, Amanda},
	Issn = {0306-4573},
	Journal = {Inf. Process. Manage.},
	Number = {1},
	Numpages = {16},
	Pages = {248--263},
	Title = {How Are We Searching the World Wide Web?: A Comparison of Nine Search Engine Transaction Logs},
	Volume = {42},
	Year = {2006}}

@article{jansen2009query_reformulation,
	Author = {Jansen, Bernard J. and Booth, Danielle L. and Spink, Amanda},
	Issn = {1532-2882},
	Journal = {Journal of the American Society for Information Science and Technology},
	Number = {7},
	Numpages = {14},
	Pages = {1358--1371},
	Title = {Patterns of Query Reformulation During Web Searching},
	Volume = {60},
	Year = {2009}}

@article{jansen1998user_queries,
	Author = {Jansen, Bernard J. and Spink, Amanda and Bateman, Judy and Saracevic, Tefko},
	Journal = {SIGIR Forum},
	Number = {1},
	Numpages = {13},
	Pages = {5--17},
	Title = {Real Life Information Retrieval: A Study of User Queries on the Web},
	Volume = {32},
	Year = {1998}}

@article{joachims2007implicit_feedback,
	Author = {Joachims, T. and Granka, L. and Pan, B. and Hembrooke, H. and Radlinski, F. and Gay, G.},
	Journal = {ACM Trans. on Info. Systems},
	Number = {2},
	Title = {Evaluating the Accuracy of Implicit Feedback from Clicks and Query Reformulations in Web Search},
	Volume = {25},
	Year = {2007}}

@inproceedings{craswell2008click_position_models,
	Acmid = {1341545},
	Address = {New York, NY, USA},
	Author = {Craswell, Nick and Zoeter, Onno and Taylor, Michael and Ramsey, Bill},
	Booktitle = {Proceedings of the 2008 International Conference on Web Search and Data Mining},
	Doi = {10.1145/1341531.1341545},
	Isbn = {978-1-59593-927-2},
	Keywords = {click data, user behavior, web search models},
	Location = {Palo Alto, California, USA},
	Numpages = {8},
	Pages = {87--94},
	Publisher = {ACM},
	Series = {WSDM '08},
	Title = {An Experimental Comparison of Click Position-bias Models},
	Url = {http://doi.acm.org/10.1145/1341531.1341545},
	Year = {2008},
	Bdsk-Url-1 = {http://doi.acm.org/10.1145/1341531.1341545},
	Bdsk-Url-2 = {http://dx.doi.org/10.1145/1341531.1341545}}

@incollection{white2004simulated_feedback_models,
	Author = {White, R.W. and Jose, J.M. and van Rijsbergen, C.J. and Ruthven, I.},
	Booktitle = {Adv. in IR},
	Pages = {311-326},
	Series = {LNCS},
	Title = {A Simulated Study of Implicit Feedback Models},
	Volume = {2997},
	Year = {2004}}

@inproceedings{tague1980simulation_bibliographic,
	Author = {Tague, J. and Nelson, M. and Wu, H.},
	Booktitle = {Proc. 3\textsuperscript{rd} ACM SIGIR},
	Numpages = {20},
	Pages = {236--255},
	Title = {Problems in the Simulation of Bibliographic Retrieval Systems},
	Year = {1980}}

@article{cooper1973simulation_ir,
	Author = {M.D. Cooper},
	Journal = {Information Storage and Retrieval},
	Pages = {13--32},
	Title = {A Simulation Model of an Information Retrieval System},
	Volume = {9},
	Year = {1973}}

@inproceedings{tague1981simulation_judgments,
	Author = {Tague, Jean M. and Nelson, Michael J.},
	Booktitle = {Proc. 4\textsuperscript{th} ACM SIGIR},
	Numpages = {6},
	Pages = {66--71},
	Title = {Simulation of User Judgments in Bibliographic Retrieval Systems},
	Year = {1981}}

@inproceedings{tague1982hyperterms,
	Author = {Tague, J. and Nelson, M.},
	Booktitle = {Proc. 5\textsuperscript{th} ACM SIGIR},
	Numpages = {15},
	Pages = {194--208},
	Title = {Simulation of Bibliographic Retrieval Databases Using Hyperterms},
	Year = {1982}}

@inproceedings{harman1992rf,
	Address = {New York, NY, USA},
	Author = {Harman, D.},
	Booktitle = {Proc. 15\textsuperscript{th} ACM SIGIR},
	Numpages = {10},
	Pages = {1--10},
	Publisher = {ACM},
	Title = {Relevance Feedback Revisited},
	Year = {1992}}

@article{azzopardi2010workshop,
	Address = {New York, NY, USA},
	Author = {Azzopardi, L. and J\"{a}rvelin, K. and Kamps, J. and Smucker, M.D.},
	Journal = {SIGIR Forum},
	Number = {2},
	Numpages = {13},
	Pages = {35--47},
	Publisher = {ACM},
	Title = {Report on the SIGIR 2010 Workshop on the Simulation of Interaction},
	Volume = {44},
	Year = {2011}}

@incollection{white2005simulated_study,
	Author = {White, R.W. and Jose, J.M. and van Rijsbergen, C.J. and Ruthven, I.},
	Booktitle = {Advances in Information Retrieval},
	Pages = {311-326},
	Series = {LNCS},
	Title = {A Simulated Study of Implicit Feedback Models},
	Volume = {2997},
	Year = {2005}}

@inproceedings{wu2014information_scent,
	Author = {Wu, W. and Kelly, D. and Sud, A.},
	Booktitle = {Proc 37\textsuperscript{th} ACM SIGIR},
	Location = {Gold Coast, Queensland, Australia},
	Pages = {557--566},
	Title = {Using Information Scent and Need for Cognition to Understand Online Search Behavior},
	Year = {2014}}



@article{kraft1979stopping_rules,
	Author = {D.H. Kraft and T. Lee},
	Journal = {IPM},
	Number = {1},
	Pages = {47 - 58},
	Title = {Stopping rules and their effect on expected search length},
	Volume = {15},
	Year = {1979}}

@inproceedings{toms2009stopping_behaviour,
	Author = {Toms, E.G. and Freund, L.},
	Booktitle = {Proc. 32\textsuperscript{nd} ACM SIGIR},
	Keywords = {human experiment, interactive ir, stopping behaviour},
	Location = {Boston, MA, USA},
	Numpages = {2},
	Pages = {750--751},
	Title = {Predicting Stopping Behaviour: A Preliminary Analysis},
	Year = {2009}}

@article{prabha2007enough,
	Author = {Prabha, C. and Connaway, L.S. and Olszewski, L. and Jenkins, L.R.},
	Journal = {J. of Documentation},
	Number = {1},
	Pages = {74--89},
	Title = {{What is enough? Satisficing information needs}},
	Volume = {63},
	Year = {2007}}

@inproceedings{dostert2009stopping_behaviours,
	Author = {Dostert, M. and Kelly, D.},
	Booktitle = {Proc. 32\textsuperscript{nd} ACM SIGIR},
	Keywords = {decision making, recall estimates, stopping behavior, user study},
	Location = {Boston, MA, USA},
	Numpages = {2},
	Pages = {820--821},
	Title = {Users' Stopping Behaviors and Estimates of Recall},
	Year = {2009}}

@inproceedings{browne2005stopping_rules,
	Author = {Browne, G.J. and Pitts, M.G. and Wetherbe, J.C.},
	Booktitle = {Proc. HICSS-38},
	Pages = {271b},
	Title = {Stopping Rule Use During Web-Based Search},
	Year = {2005}}

@article{browne2007stopping_rules,
	Address = {Minneapolis, MN, USA},
	Author = {Browne, G.J. and Pitts, M.G. and Wetherbe, J.C.},
	Journal = {MIS Quarterly},
	Keywords = {cognitive stopping rules, decision making, information search, online search behavior, task types and dimensions},
	Number = {1},
	Numpages = {16},
	Pages = {89--104},
	Publisher = {Society for Information Management and The Management Information Systems Research Center},
	Title = {Cognitive Stopping Rules for Terminating Information Search in Online Tasks},
	Volume = {31},
	Year = {2007}}

@phdthesis{nickles1995judgment,
	Author = {Nickles, K.R.},
	School = {University of Minnesota},
	Title = {Judgment-based and reasoning-based stopping rules in decision making under uncertainty},
	Year = {1995}}

@article{kim2001information_seeking,
	Author = {Kyung-sun Kim},
	Journal = {International Journal of Human-Computer Interaction},
	Pages = {323--340},
	Title = {Implications of User Characteristics in Information Seeking on the World Wide Web},
	Year = {2001}}

@article{cooper1976unexamined_documents,
	Author = {W.S. Cooper},
	Journal = {Info. Processing and Management},
	Number = {6},
	Pages = {367 - 375},
	Title = {The paradoxical role of unexamined documents in the evaluation of retrieval effectiveness},
	Volume = {12},
	Year = {1976}}

@article{cooper1973retrieval_effectiveness,
	Author = {Cooper, W.S.},
	Journal = {J. of the American Soc. for Info. Sci.},
	Number = {6},
	Pages = {413--424},
	Title = {On selecting a measure of retrieval effectiveness part II. Implementation of the philosophy},
	Volume = {24},
	Year = {1973}}

@article{bates1984thirty_items,
	Author = {Bates, M.J.},
	Journal = {RQ},
	Number = {1},
	Pages = {pp. 43-50},
	Publisher = {American Library Association},
	Title = {The Fallacy of the Perfect Thirty-Item Online Search},
	Volume = {24},
	Year = {1984}}

@book{kuhlthau2003seeking_meaning,
	Author = {Carol C. Kuhlthau},
	Publisher = {Libraries Unlimited},
	Title = {Seeking Meaning: A Process Approach to Library and Information Services (Libraries Unlimited Guided Inquiry)},
	Year = {2003}}

@incollection{norman1987mental_models,
	Address = {San Francisco, CA, USA},
	Author = {Norman, D. A.},
	Chapter = {Some Observations on Mental Models},
	Editor = {Baecker, R. M. and Buxton, W. A. S.},
	Numpages = {4},
	Pages = {241--244},
	Title = {Human-computer Interaction},
	Year = {1987}}

@inproceedings{liu2010search_behavior,
	Author = {Liu, J. and Cole, M. and Liu, C. and Bierig, R. and Gwizdka, J. and Belkin, N.J. and Zhang, J. and Zhang, X.},
	Booktitle = {Proc. ACM/IEEE JCDL 2010},
	Pages = {69--78},
	Title = {Search behaviors in different task types},
	Year = {2010}}

@inproceedings{aula2010search_behavior,
	Author = {Aula, A. and Khan, R.M. and Guan, Z.},
	Booktitle = {Proc. 28\textsuperscript{th} ACM SIGCHI},
	Location = {Atlanta, Georgia, USA},
	Pages = {35--44},
	Title = {How does search behavior change as search becomes more difficult?},
	Year = {2010}}

@inproceedings{white2009search_expertise,
	Author = {White, R.W. and Dumais, S.T. and Teevan, J.},
	Booktitle = {Proc 2\textsuperscript{nd} ACM WSDM},
	Location = {Barcelona, Spain},
	Pages = {132--141},
	Title = {Characterizing the influence of domain expertise on web search behavior},
	Year = {2009}}

@inproceedings{white2007advanced_searchers,
	Author = {White, R.W. and Morris, D.},
	Booktitle = {Proc. 30\textsuperscript{th} ACM SIGIR},
	Location = {Amsterdam, The Netherlands},
	Pages = {255--262},
	Title = {Investigating the querying and browsing behavior of advanced search engine users},
	Year = {2007}}

@inproceedings{kodagoda2008literacy,
	Author = {Kodagoda, N. and Wong, B.L.W.},
	Booktitle = {Proc. 22\textsuperscript{rd} BCS HCI},
	Keywords = {information retrieval, information search, information search task, low and high literacy},
	Location = {Liverpool, United Kingdom},
	Numpages = {9},
	Pages = {173--181},
	Title = {Effects of Low \& High Literacy on User Performance in Information Search and Retrieval},
	Year = {2008}}

@book{voorhees05trec,
	Author = {E. Voorhees and D. Harman},
	Publisher = {The MIT press},
	Title = {TREC: Experiment and Evaluation in Information Retrieval},
	Year = {2005}}

@inproceedings{voorhees2006trec_robust,
	Author = {Voorhees, E.M.},
	Booktitle = {Proc. TREC-14},
	Title = {Overview of the TREC 2005 Robust Retrieval Track.},
	Year = {2006}}

@inproceedings{maxwell2015stopping_strats,
	Author = {Maxwell, D. and Azzopardi, L. and J\"{a}rvelin, K. and Keskustalo, H.},
	Booktitle = {Proc. 38\textsuperscript{th} ACM SIGIR},
	Numpages = {4},
	Pages = {903--906},
	Title = {An Initial Investigation into Fixed and Adaptive Stopping Strategies},
	Year = {2015}}

@inproceedings{maxwell2015stopping_strats_comparison,
	Author = {Maxwell, D. and Azzopardi, L. and J\"{a}rvelin, K. and Keskustalo, H.},
	Booktitle = {Proc. 24\textsuperscript{th} ACM CIKM},
	Numpages = {10},
	Pages = {313--322},
	Title = {Searching and Stopping: An Analysis of Stopping Rules and Strategies},
	Year = {2015}}

@article{pirolli1999ift,
	Author = {Pirolli, P. and Card, S.},
	Issue = {4},
	Journal = {Psychological Review},
	Pages = {643--675},
	Title = {Information foraging},
	Volume = {106},
	Year = {1999}}

@article{charnov1976mvt,
	Author = {Charnov, E.L.},
	Journal = {Theoretical Population Biology},
	Number = {2},
	Pages = {129--136},
	Priority = {2},
	Title = {{Optimal foraging, the Marginal Value Theorem}},
	Volume = {9},
	Year = {1976}}

@article{vakkari1999task_complexity,
	Author = {Vakkari, P.},
	Journal = {Information Processing and Management},
	Number = {6},
	Numpages = {19},
	Pages = {819--837},
	Title = {Task complexity, problem structure and information actions: integrating studies on information seeking and retrieval},
	Volume = {35},
	Year = {1999}}

@article{liu2012difficulty,
	Author = {Liu, C. and Liu, J. and Cole, M. and Belkin, N.J. and Zhang, X.},
	Journal = {Proc. American Society for Information Science and Technology},
	Number = {1},
	Pages = {1--10},
	Title = {Task difficulty and domain knowledge effects on information search behaviors},
	Volume = {49},
	Year = {2012}}

@inproceedings{wu2014stopping_behaviors,
	Author = {Wu, W. and Kelly, D.},
	Booktitle = {77\textsuperscript{th} ASIS\&T Annual Meeting},
	Title = {{Online Search Stopping Behaviors: An Investigation of Query Abandonment and Task Stopping}},
	Year = {2014}}

@book{marchionini1995info_seeking,
	Author = {Marchionini, G.},
	Publisher = {Cambridge University Press},
	Title = {Information Seeking in Electronic Environments},
	Year = {1995}}

@article{dennis2006acceptable,
	Author = {Dennis, A.R. and Taylor, N.J.},
	Journal = {Decision Support Systems},
	Pages = {810--824},
	Title = {Information foraging on the web: The effects of ``acceptable'' Internet delays on multi-page information search behavior},
	Volume = {42},
	Year = {2006}}

@book{ingwersen2005theturn,
	Author = {Ingwersen, P. and J\"{a}rvelin, K.},
	Title = {The Turn: Integration of Information Seeking and Retrieval in Context},
	Year = {2005}}

@inproceedings{azzopardi2014economics,
	Author = {Azzopardi, L.},
	Booktitle = {Proc. 37\textsuperscript{th} ACM SIGIR},
	Location = {Gold Coast, Queensland, Australia},
	Numpages = {10},
	Pages = {3--12},
	Title = {Modelling Interaction with Economic Models of Search},
	Year = {2014}}

@incollection{verberne2015personalised_queries,
	Author = {Verberne, S. and Sappelli, M. and J\"{a}rvelin, K. and Kraaij, W.},
	Booktitle = {Adv. in IR},
	Series = {LNCS},
	Title = {User Simulations for Interactive Search: Evaluating Personalized Query Suggestion},
	Volume = {9022},
	Year = {2015}}

@inproceedings{guo2009click_chain,
	Author = {Guo, F. and Liu, C. and Kannan, A. and Minka, T. and Taylor, M. and Wang, Y. and Faloutsos, C.},
	Booktitle = {Proc. 18\textsuperscript{th} WWW},
	Numpages = {10},
	Pages = {11--20},
	Title = {Click Chain Model in Web Search},
	Year = {2009}}

@article{hofmann2013learning_to_rank,
	Author = {Hofmann, K.},
	Journal = {SIGIR Forum},
	Number = {2},
	Numpages = {1},
	Pages = {140--140},
	Title = {Fast and Reliable Online Learning to Rank for Information Retrieval},
	Volume = {47},
	Year = {2013}}

@article{cooper1968expected_search_length,
	Author = {Cooper, W.S.},
	Journal = {American Documentation},
	Number = {1},
	Pages = {30--41},
	Title = {Expected search length: A single measure of retrieval effectiveness based on the weak ordering action of retrieval systems},
	Volume = {19},
	Year = {1968}}

@inproceedings{turpin2009summaries,
	Author = {Turpin, A. and Scholer, F. and J\"{a}rvelin, K. and Wu, M. and Culpepper, J.S.},
	Booktitle = {Proc. 32\textsuperscript{nd} ACM SIGIR},
	Numpages = {8},
	Pages = {508--515},
	Title = {Including Summaries in System Evaluation},
	Year = {2009}}

@inproceedings{hofmann2011,
	Author = {Hofmann, K. and Whiteson, S. and de Rijke, M.},
	Booktitle = {Proc. 33\textsuperscript{rd} ECIR},
	Title = {Balancing Exploration and Exploitation in Learning to Rank Online},
	Year = {2011}}

@inproceedings{lieberman1997autonomous_agents,
	Author = {Lieberman, H.},
	Booktitle = {Proc. 15\textsuperscript{th} SIGCHI},
	Numpages = {8},
	Pages = {67--74},
	Title = {Autonomous Interface Agents},
	Year = {1997}}

@inproceedings{lieberman1995letizia,
	Author = {Lieberman, H.},
	Booktitle = {Proc. 14\textsuperscript{th} IJCAI},
	Numpages = {6},
	Pages = {924--929},
	Title = {Letizia: An Agent That Assists Web Browsing},
	Year = {1995}}

@inproceedings{armstrong1995webwatcher,
	Author = {Armstrong, R. and Freitag, D. and Joachims, T. and Mitchell, T.},
	Booktitle = {Proc. AAAI Spring Symp. on Info. Gathering from Heterogeneous, Distributed Environments},
	Pages = {6--12},
	Title = {WebWatcher: A Learning Apprentice for the World Wide Web},
	Year = {1995}}

@inproceedings{daloisi1995info_agent,
	Author = {D'Aloisi, D. and Giannini, V. and Bordoni, F.U.},
	Booktitle = {In Proc. ERCIM Workshop},
	Pages = {143--155},
	Title = {The Info Agent: an Interface for Supporting Users in Intelligent Retrieval},
	Year = {1995}}

@inproceedings{rhodes1996remembrance_agent,
	Author = {Rhodes, B.J. and Starner, T.},
	Booktitle = {Proc. 1\textsuperscript{st} PAAM},
	Pages = {487--495},
	Title = {Remembrance Agent: A continuously running automated information retrieval system},
	Year = {1996}}

@inproceedings{bollacker1998citeseer,
	Author = {Bollacker, K.D. and Lawrence, S. and Giles, C.L.},
	Booktitle = {Proc. 2\textsuperscript{nd} AGENTS},
	Numpages = {8},
	Pages = {116--123},
	Title = {CiteSeer: An Autonomous Web Agent for Automatic Retrieval and Identification of Interesting Publications},
	Year = {1998}}

@inproceedings{balabanovic1995learning,
	Author = {Balabanovi\'c, M. and Shoham, Y.},
	Booktitle = {Proc. {AAAI} Spring Symposium on Information Gathering from Heterogenous, Distributed Resources},
	Pages = {13--18},
	Title = {Learning Information Retrieval Agents: Experiments with Automated Web Browsing},
	Year = 1995}

@article{etzioni1994softbot,
	Author = {Etzioni, O. and Weld, D.},
	Journal = {Commun. ACM},
	Number = {7},
	Numpages = {5},
	Pages = {72--76},
	Title = {A Softbot-based Interface to the Internet},
	Volume = {37},
	Year = {1994}}

@article{nwana1996agents_overview,
	Author = {Nwana, H.S.},
	Journal = {Knowledge Engineering Review},
	Pages = {205--244},
	Title = {Software agents: An overview},
	Volume = {11},
	Year = {1996}}

@article{woodridge1995agents_theory_practice,
	Author = {Woodridge, M. and Jennings, N.R.},
	Journal = {Knowledge Engineering Review},
	Pages = {115--152},
	Title = {Intelligent Agents: Theory and Practice},
	Volume = {10},
	Year = {1995}}

@misc{etzioni1993building_agents,
	Author = {Etzioni, O. and Lesh, N. and Segal, R.},
	Howpublished = {Technical Report 93-09-01, University of Washington},
	Title = {Building softbots for UNIX},
	Year = {1993}}

@inproceedings{knoblock1993architecture,
	Author = {Knoblock, C.A and Arens, Y.},
	Booktitle = {AAA Symposium on Software Agents},
	Title = {An Architecture for Information Retrieval Agents},
	Year = {1993}}

@inproceedings{perkowitz1995category_translation,
	Author = {Perkowitz, M. and Etzioni, O.},
	Booktitle = {In Proc. 15\textsuperscript{th} Intl. Joint Conference on AI},
	Pages = {930--936},
	Title = {Category translation: learning to understand information on the internet},
	Year = {1995}}

@inproceedings{edwards1997web_agents,
	Author = {Edwards, P. and Green, C.L. and Lockier, P.C. and Lukins, T.C.},
	Booktitle = {In IEEE Intelligent WWW Agents},
	Pages = {3--1},
	Title = {Exploiting Learning Technologies for World Wide Web Agents},
	Year = {1997}}

@article{maes1994agents_information_overload,
	Author = {Maes, P.},
	Journal = {Commun. ACM},
	Number = {7},
	Numpages = {11},
	Pages = {30--40},
	Title = {Agents That Reduce Work and Information Overload},
	Volume = {37},
	Year = {1994}}

@inproceedings{lang1995newsweeder,
	Author = {Lang, K.},
	Booktitle = {Proc. 12\textsuperscript{th} Intl. Machine Learning Conference},
	Title = {NewsWeeder: Learning to Filter Netnews},
	Year = {1995}}

@techreport{sheth1994learning_information_filtering,
	Author = {Sheth, B.D.},
	Institution = {MIT},
	Title = {A Learning Approach to Personalized Information Filtering},
	Year = {1994}}

@techreport{lashkari1995webhound,
	Author = {Lashkari, Y.},
	Insitituion = {Carnegie Mellon University},
	Title = {The WebHound Personalized Document Filtering System},
	Year = {1995}}

@inproceedings{maes1994social_interface,
	Author = {Maes, P.},
	Booktitle = {Software Agents - Papers from the 1994 Spring Symposium (Technical Report SS-94-03)},
	Pages = {71--78},
	Title = {Social interface agents: Acquiring competence by learning from users and other agents},
	Year = {1994}}

@inproceedings{edwards1996learning_agents_internet,
	Author = {Edwards, P. and Bayer, D. and Green, C.L. and Payne, T.R.},
	Booktitle = {AAAI Spring Symposium on Machine Learning for Information Access},
	Pages = {31--40},
	Title = {Experience with Learning Agents which Manage Internet-Based Information},
	Year = {1996}}

@article{hewitt1977actor,
	Author = {Hewitt, C.},
	Journal = {Artificial Intelligence},
	Number = {3},
	Pages = {323--364},
	Title = {{Viewing control structures as patterns of passing messages}},
	Volume = {8},
	Year = {1977}}

@incollection{castelfranchi1995cognitive_agent_architecture,
	Author = {Castelfranchi, C.},
	Pages = {56-70},
	Series = {LNCS},
	Title = {Guarantees for autonomy in cognitive agent architecture},
	Volume = {890},
	Year = {1995}}

@article{genesereth1994software_agents,
	Author = {Genesereth, M.R. and Ketchpel, S.P.},
	Journal = {Comm. ACM},
	Pages = {48--53},
	Title = {Software Agents},
	Volume = {37},
	Year = {1994}}

@inproceedings{moffat2013users_versus_models,
	Author = {Moffat, A. and Thomas, P. and Scholer, F.},
	Booktitle = {Proc. 22\textsuperscript{nd} ACM CIKM},
	Numpages = {10},
	Pages = {659--668},
	Title = {Users Versus Models: What Observation Tells Us About Effectiveness Metrics},
	Year = {2013}}

@inproceedings{pakkonen2015behavioural_dimensions,
	Author = {P{\"{a}}{\"{a}}kk{\"{o}}nen, T. and J{\"{a}}rvelin, K. and Kek{\"{a}}l{\"{a}}inen, J. and Keskustalo, H. and Baskaya, F. and Maxwell, D. and Azzopardi, L.},
	Booktitle = {Proc. 6\textsuperscript{th} CLEF},
	Pages = {178--189},
	Title = {Exploring Behavioral Dimensions in Session Effectiveness},
	Year = {2015}}

@inproceedings{umemoto2016scentbar,
 author = {Umemoto, Kazutoshi and Yamamoto, Takehiro and Tanaka, Katsumi},
 title = {ScentBar: A Query Suggestion Interface Visualizing the Amount of Missed Relevant Information for Intrinsically Diverse Search},
 booktitle = {Proc. 39\textsuperscript{th} ACM SIGIR},
 year = {2016},
 pages = {405--414},
}

@inproceedings{hearst1995tilebars,
 author = {Hearst, Marti A.},
 title = {TileBars: Visualization of Term Distribution Information in Full Text Information Access},
 booktitle = {Proc. 13\textsuperscript{th} ACM SIGCHI},
 year = {1995},
 location = {Denver, Colorado, USA},
 pages = {59--66},
}

@inproceedings{iwata2012tilediversified,
 author = {Iwata, Mayu and Sakai, Tetsuya and Yamamoto, Takehiro and Chen, Yu and Liu, Yi and Wen, Ji-Rong and Nishio, Shojiro},
 title = {AspecTiles: Tile-based Visualization of Diversified Web Search Results},
 booktitle = {Proc. 35\textsuperscript{th} ACM SIGIR},
 year = {2012},
 pages = {85--94},
}

@inproceedings{kato2012query_suggestion,
 author = {Kato, Makoto P. and Sakai, Tetsuya and Tanaka, Katsumi},
 title = {Structured Query Suggestion for Specialization and Parallel Movement: Effect on Search Behaviors},
 booktitle = {Proc. 21\textsuperscript{st} WWW},
 year = {2012},
 pages = {389--398},
}


@inproceedings{carterette2011effectiveness_evaluation,
	Author = {Carterette, B. and Kanoulas, E. and Yilmaz, E.},
	Booktitle = {Proc. 20\textsuperscript{th} ACM CIKM},
	Pages = {611--620},
	Title = {Simulating Simple User Behavior for System Effectiveness Evaluation},
	Year = {2011}}

@inproceedings{carterette2009probabalistic,
 author = {Carterette, Ben and Chandar, Praveen},
 title = {Probabilistic Models of Ranking Novel Documents for Faceted Topic Retrieval},
 booktitle = {Proc. 18\textsuperscript{th} ACM CIKM},
 year = {2009},
 pages = {1287--1296},
 numpages = {10},
} 


@article{belkin1980anomalous_states,
	Author = {Belkin, N.J.},
	Journal = {Canadian J. of Info. Sci.},
	Number = {5},
	Pages = {133--143},
	Title = {{Anomalous states of knowledge as a basis for IR}},
	Year = {1980}}

@inproceedings{eickhoff2015eye_tracking,
	Author = {Eickhoff, C. and Dungs, S. and Tran, V.},
	Booktitle = {Proc. 38\textsuperscript{th} ACM SIGIR},
	Numpages = {10},
	Pages = {13--22},
	Title = {An Eye-Tracking Study of Query Reformulation},
	Year = {2015}}

@book{ingwersen1992iri,
	Author = {Ingwersen, P.},
	Title = {Information Retrieval Interaction},
	Year = {1992}}

@article{belkin1990cognitive_info_science,
	Author = {Belkin, N.J.},
	Journal = {J. Inf. Sci.},
	Number = {1},
	Pages = {11--15},
	Title = {The Cognitive Viewpoint in Information Science},
	Volume = {16},
	Year = {1990}}

@article{marchionini1989info_seeking_strategies,
	Author = {Marchionini, G.},
	Journal = {J. Am. Soc. Inf. Sci.},
	Number = {1},
	Numpages = {13},
	Pages = {54--66},
	Title = {Information-seeking Strategies of Novices Using a Full-text Electronic Encyclopedia},
	Volume = {40},
	Year = {1989}}

@article{jansen2010ir_17_contstructs,
	Author = {Jansen, B.J. and Rieh, S.Y.},
	Journal = {JASIST},
	Number = 8,
	Pages = {1517--1534},
	Title = {The seventeen theoretical constructs of information searching and information retrieval},
	Volume = 61,
	Year = 2010}

@inproceedings{balog2015task_completion,
	Author = {Balog, K.},
	Booktitle = {Proc. 1\textsuperscript{st} SCST},
	Title = {Task-completion Engines: A Vision with a Plan},
	Year = {2015}}

@inproceedings{leuski2000relevance_reinforcement,
	Author = {Leuski, A.},
	Booktitle = {Proc. 9\textsuperscript{th} ACM CIKM},
	Numpages = {8},
	Pages = {119--126},
	Title = {Relevance and Reinforcement in Interactive Browsing},
	Year = {2000}}

@inproceedings{carterette2015test_collections,
	Author = {Carterette, B. and Bah, A. and Zengin, M.},
	Booktitle = {Proc. 5\textsuperscript{th} ACM ICTIR},
	Numpages = {10},
	Pages = {91--100},
	Title = {Dynamic Test Collections for Retrieval Evaluation},
	Year = {2015}}

@article{clarke2013mube,
	Author = {Clarke, C.L.A. and Freund, L. and Smucker, M.D. and Yilmaz, E.},
	Journal = {SIGIR Forum},
	Number = {2},
	Numpages = {12},
	Pages = {84--95},
	Title = {Report on the SIGIR 2013 MUBE Workshop},
	Volume = {47},
	Year = {2013}}

@book{chuklin2015click_models,
	Author = {Chuklin, A. and Markov, I. and de Rijke, M.},
	Series = {SLoICRS},
	Title = {Click Models for Web Search},
	Year = {2015}}

@inproceedings{zuccon2015neural_words,
	Articleno = {12},
	Author = {Zuccon, G. and Koopman, B. and Bruza, P. and Azzopardi, L.},
	Booktitle = {Proc. 20\textsuperscript{th} ADCS},
	Numpages = {8},
	Pages = {12:1--12:8},
	Title = {Integrating and Evaluating Neural Word Embeddings in Information Retrieval},
	Year = {2015}}

@inproceedings{buchanan2007document_triage,
	Author = {Buchanan, G. and Loizides, F.},
	Booktitle = {Proc. 11\textsuperscript{th} ECDL},
	Numpages = {12},
	Pages = {416--427},
	Title = {Investigating Document Triage on Paper and Electronic Media},
	Year = {2007}}

%Journal = {CoRR},
@article{mikolov2013word2vec,
	Author = {Mikolov, T. and Chen, K. and Corrado, G. and Dean, J.},
	Title = {Efficient Estimation of Word Representations in Vector Space},
	Year = {2013}}

@inproceedings{joachims2002clickthrough_data,
	Author = {Joachims, T.},
	Booktitle = {Proc. 8\textsuperscript{th} ACM SIGKDD},
	Numpages = {10},
	Pages = {133--142},
	Title = {Optimizing Search Engines Using Clickthrough Data},
	Year = {2002}}

@inproceedings{luo2014winwin,
	Author = {Luo, J. and Zhang, S. and Yang, H.},
	Booktitle = {Proc. 37\textsuperscript{th} ACM SIGIR},
	Numpages = {10},
	Pages = {587--596},
	Title = {Win-win Search: Dual-agent Stochastic Game in Session Search},
	Year = {2014}}

@inbook{luo2015pomdp,
	Author = {Luo, J. and Zhang, S. and Dong, X. and Yang, H},
	Chapter = {Designing States, Actions, and Rewards for Using POMDP in Session Search},
	Pages = {526--537},
	Title = {Proc. 37\textsuperscript{th} ECIR},
	Year = {2015}}

@inproceedings{luo2015session_search,
	Author = {Luo, J. and Dong, X. and Yang, H.},
	Booktitle = {Proc. 5\textsuperscript{th} ACM ICTIR},
	Numpages = {10},
	Pages = {261--270},
	Title = {Session Search by Direct Policy Learning},
	Year = {2015}}

@inproceedings{maxwell2016simiir,
 author = {Maxwell, D. and Azzopardi, L.},
 title = {Simulating Interactive Information Retrieval},
 booktitle = {Proc. 39\textsuperscript{th} ACM SIGIR},
 year = {2016},
 pages = {1141--1144},
}

@inproceedings{maxwell2016agents,
 author = {Maxwell, D. and Azzopardi, L.},
 title = {Agents, Simulated Users and Humans: An Analysis of Performance and Behaviour},
 booktitle = {Proc. 25\textsuperscript{th} ACM CIKM},
 year = {2016},
 pages = {731--740},
 numpages = {10},
}

@inproceedings{wu2013scent_shopping_stopping,
 author = {Wu, W.C.},
 title = {How Far Will You Go?: Characterizing and Predicting Online Search Stopping Behavior Using Information Scent and Need for Cognition},
 booktitle = {Proc. 36\textsuperscript{th} ACM SIGIR},
 year = {2013},
 pages = {1149--1149},
 numpages = {1},
}

@inproceedings{loumakis2011image_smells,
 author = {Loumakis, F. and Stumpf, S. and Grayson, D.},
 title = {This Image Smells Good: Effects of Image Information Scent in Search Engine Results Pages},
 booktitle = {Proc. 20\textsuperscript{th} ACM CIKM},
 year = {2011},
 pages = {475--484},
 numpages = {10},
} 

@inproceedings{pirolli1995ift,
 author = {Pirolli, P. and Card, S.},
 title = {Information Foraging in Information Access Environments},
 booktitle = {Proc. 13\textsuperscript{th} ACM SIGCHI},
 year = {1995},
 pages = {51--58},
 numpages = {8},
} 

@book{pirolli2007ift,
 author = {Pirolli, P.},
 title = {Information Foraging Theory: Adaptive Interaction with Information},
 year = {2007},
 edition = {1},
}

@book{stephens1986foraging_theory,
    author = {Stephens, D.W. and Krebs, J.R.},
    title = {Foraging Theory},
    year = {1986},
}

@book{stephens2007foraging_theory,
    author = {Stephens, D.W. and Brown, J.S. and Ydenberg, R.C.},
    title = {Foraging: Behavior and Ecology},
    year = {2007}
}

@inproceedings{chi2001scent_actions,
 author = {Chi, E.H. and Pirolli, P. and Chen, K. and Pitkow, J.},
 title = {Using Info. Scent to Model User Information Needs and Actions and the Web},
 booktitle = {Proc. 19\textsuperscript{th} ACM CHI},
 year = {2001},
 pages = {490--497},
 numpages = {8},
} 

@inproceedings{wu2014dc,
 author = {Wu, W. and Kelly, D. and Sud, A.},
 title = {Using Information Scent and Need for Cognition to Understand Online Search Behavior},
 booktitle = {Proc. 37\textsuperscript{th} ACM SIGIR},
 year = {2014},
 pages = {557--566},
 numpages = {10},
}

@inproceedings{wu2012dc,
 author = {Wu, W.},
 title = {How Far Will You Go?: Using Need for Closure and Information Scent to Model Search Stopping Behavior},
 booktitle = {Proc. 4\textsuperscript{th} IIiX},
 year = {2012},
 pages = {328--328},
 numpages = {1},
}

@inproceedings{chi2001scent_actions,
 author = {Chi, Ed H. and Pirolli, Peter and Chen, Kim and Pitkow, James},
 title = {Using Information Scent to Model User Information Needs and Actions and the Web},
 booktitle = {Proc. 19\textsuperscript{th} ACM CHI},
 year = {2001},
 pages = {490--497},
 numpages = {8},
}

@article{oltston2003scenttrails,
 author = {Olston, C. and Chi, E.H.},
 title = {ScentTrails: Integrating Browsing and Searching on the Web},
 journal = {ACM Trans. Comput.-Hum. Interact.},
 issue_date = {September 2003},
 volume = {10},
 number = {3},
 year = {2003},
 numpages = {21},
}

@inproceedings{kammerer09eye_tracking,
    author = {Y. Kammerer and E. Wollny and P. Gerjets and K. Scheiter},
    title = {How authority-related epistemological beliefs and salience of source information influence the evaluation of web search results – An eye tracking study},
    booktitle = {Cognitive Science Society},
    year = {2009},
    pages = {2158--2163}
}

@article{sundar2007news_scent,
 author = {Sundar, S.S. and Knobloch-Westerwick, S. and Hastall, M.R.},
 title = {News Cues: Information Scent and Cognitive Heuristics: Research Articles},
 journal = {J. Am. Soc. Inf. Sci. Technol.},
 volume = {58},
 number = {3},
 year = {2007},
 issn = {1532-2882},
 pages = {366--378},
 numpages = {13},
} 

@article{gibbs1958number_rule,
 author = {J. A. Gibb},
 journal = {Journal of Animal Ecology},
 number = {2},
 pages = {375-396},
 title = {Predation by Tits and Squirrels on the Eucosmid Ernarmonia conicolana (Heyl.)},
 volume = {27},
 year = {1958},
}

@Inbook{krebs1973time_rule,
    author="Krebs, J.R.",
    title="Behavioral Aspects of Predation",
    bookTitle="Perspectives in Ethology",
    year="1973",
    publisher="Springer US",
    address="Boston, MA",
    pages="73--111",
}

@article{krebs1974leave_after_rule,
    author="J.R. Krebs and J.C. Ryan and E.L. Charnov",
    title = "Hunting by expectation or optimal foraging? A study of patch use by chickadees",
    journal = "Animal Behaviour",
    volume = "22, Part 4",
    number = "",
    pages = "95--964",
    year = "1974",
}

@article{mcnair1982gut_mvt,
    author = {James N. McNair},
    journal = {The American Naturalist},
    number = {4},
    pages = {511-529},
    publisher = {[University of Chicago Press, American Society of Naturalists]},
    title = {Optimal Giving-Up Times and the Marginal Value Theorem},
    volume = {119},
    year = {1982}
}

@article{green1984oft_stopping,
    author = {R.F. Green},
    journal = {The American Naturalist},
    number = {1},
    pages = {30-43},
    publisher = {[University of Chicago Press, American Society of Naturalists]},
    title = {Stopping Rules for Optimal Foragers},
    volume = {123},
    year = {1984}
}

@article{iwasa1981prey_distribution,
 author = {Y. Iwasa and M. Higashi and N. Yamamura},
 journal = {The American Naturalist},
 number = {5},
 pages = {710-723},
 publisher = {[University of Chicago Press, American Society of Naturalists]},
 title = {Prey Distribution as a Factor Determining the Choice of Optimal Foraging Strategy},
 volume = {117},
 year = {1981}
}

@book{charles1972behaviour,
  title={Behaviour and Ecology of Nocturnal Prosimians: Field Studies in Gabon and Madagascar},
  author={Charles-Dominique, P. and Martin, R.D.},
  series={Advances in ethology},
  year={1972},
  publisher={P. Parey}
}

@inproceedings{bailey2015inst,
 author = {Bailey, P. and Moffat, A. and Scholer, F. and Thomas, P.},
 title = {User Variability and IR System Evaluation},
 booktitle = {Proc. 38\textsuperscript{th} ACM SIGIR},
 year = {2015},
 pages = {625--634},
 numpages = {10},
} 

@inproceedings{moffat2015inst,
 author = {Moffat, A. and Bailey, P. and Scholer, F. and Thomas, P.},
 title = {INST: An Adaptive Metric for Information Retrieval Evaluation},
 booktitle = {Proc. 20\textsuperscript{th} ADCS},
 year = {2015},
 pages = {5:1--5:4},
 articleno = {5},
 numpages = {4},
} 

@inproceedings{wilkie2016topic_variability,
 author = {Wilkie, C. and Azzopardi, L.},
 title = {A Topical Approach to Retrievability Bias Estimation},
 booktitle = {Proc. 2\textsuperscript{nd} ACM ICTIR},
 year = {2016},
 pages = {119--122},
 numpages = {4},
}

@inproceedings{maxwell2017snippet_length,
 author = {D. Maxwell and L. Azzopardi and Y. Moshfeghi},
 title = {A Study of Snippet Length and Informativeness: Behaviour, Performance and UX},
 booktitle = {Proc. 40\textsuperscript{th} ACM SIGIR},
 year = {2017},
 pages = {135--144},
}

@inproceedings{maxwell2016dc,
 author = {Maxwell, D.},
 title = {Building Realistic Simulations for Interactive Information Retrieval},
 booktitle = {Proc. 1\textsuperscript{st} ACM CHIIR},
 year = {2016},
 pages = {357--359},
 numpages = {3},
} 

@article{shannon2001mathematical,
  title={A mathematical theory of communication},
  author={Shannon, C.E.},
  journal={ACM SIGMOBILE Mobile Computing \& Comms. Rev.},
  volume={5},
  number={1},
  pages={3--55},
  year={2001},
}

@inproceedings{kelly2009query_suggestion,
 author = {Kelly, D. and Gyllstrom, K. and Bailey, E.W.},
 title = {A comparison of query and term suggestion features for interactive searching},
 booktitle = {Proc. 32\textsuperscript{nd} ACM SIGIR},
 year = {2009},
 pages = {371--378}
}

@inproceedings{tombros1998query_biased,
 author = {Tombros, A. and Sanderson, M.},
 title = {Advantages of Query Biased Summaries in Information Retrieval},
 booktitle = {Proc. 21\textsuperscript{st} ACM SIGIR},
 year = {1998},
 pages = {2--10},
 numpages = {9}
 }
 
 @inproceedings{card2001scent_graphs,
  author = {Card, S. and Pirolli, P. and Van Der Wege, M. and Morrison, J.B. and Reeder, R.W. and Schraedley, P.K. and Boshart, J.},
  title = {Info. Scent As a Driver of Web Behavior Graphs: Results of a Protocol Analysis Method for Web Usability},
  booktitle = {Proc. 19\textsuperscript{th} ACM CHI},
  year = {2001},
  pages = {498--505},
  numpages = {8},
 }
 
 @inproceedings{smucker2016switching_behaviour,
  author = {Smucker, M.D. and Clarke, C.L.A.},
  title = {Modeling Optimal Switching Behavior},
  booktitle = {Proc. 1\textsuperscript{st} ACM CHIIR},
  year = {2016},
  pages = {317--320},
  numpages = {4},
 }
 
 @inproceedings{tran2013markov_modelling,
   author={Vu T. Tran and Norbert Fuhr},
   title={Markov Modeling for User Interaction in Retrieval},
   booktitle={SIGIR 2013 Workshop on Modeling User Behavior for Information Retrieval Evaluation (MUBE 2013)},
   year=2013,
   month={August}
 }
 
 @inproceedings{tran2012markov_modelling,
  author = {Tran, Vu Tuan and Fuhr, Norbert},
  title = {Using Eye-tracking with Dynamic Areas of Interest for Analyzing Interactive Information Retrieval},
  booktitle = {Proc. 35\textsuperscriot{th} ACM SIGIR},
  year = {2012},
  pages = {1165--1166},
  numpages = {2},
 }
 
 @inproceedings{smucker2016switching_behaviour,
  author = {Smucker, Mark D. and Clarke, Charles L.A.},
  title = {Modeling Optimal Switching Behavior},
  booktitle = {Proc. 1\textsuperscript{st} ACM CHIIR},
  year = {2016},
  pages = {317--320},
  numpages = {4},
 }
 
 @inproceedings{lawrance2008programming,
  author = {Lawrance, J. and Bellamy, R. and Burnett, M. and Rector, K.},
  title = {Using Information Scent to Model the Dynamic Foraging Behavior of Programmers in Maintenance Tasks},
  booktitle = {Proc. 26\textsuperscript{th} ACM CHI},
  year = {2008},
  pages = {1323--1332},
  numpages = {10},
 }
 
 @inproceedings{ong2017scent_behaviour,
  author = {K. Ong and K. J\"{a}rvelin and M. Sanderson and F. Scholer},
  title = {Using Info. Scent to Understand Mobile and Desktop Web Search Behavior},
  booktitle = {Proc. 40\textsuperscript{th} ACM SIGIR},
  year = {2017},
 }
 
 @article{kullback1951information,
   author = {Kullback, S. and Leibler, R. A.},
   journal = {The Annals of Mathematical Statistics},
   pages = {79-86},
   title = {On Information and Sufficiency},
   volume = 22,
   year = 1951
 }
 
 @inproceedings{tombros1998query_biased,
  author = {Tombros, Anastasios and Sanderson, Mark},
  title = {Advantages of Query Biased Summaries in Information Retrieval},
  booktitle = {Proc. 21\textsuperscript{st} ACM SIGIR},
  year = {1998},
  pages = {2--10},
  numpages = {9}
  }

@inproceedings{hassan2013serp_abandonment,
 author = {Hassan, A. and White, R.W.},
 title = {Personalized Models of Search Satisfaction},
 booktitle = {Proc. 22\textsuperscript{nd} ACM CIKM},
 year={2013},
 pages={2009--2018},
 numpages = {10},
} 

@inproceedings{tran2017markov_models,
 author = {Tran, Vu and Maxwell, David and Fuhr, Norbert and Azzopardi, Leif},
 title = {Personalised Search Time Prediction Using Markov Chains},
 booktitle = {Proc. 3\textsuperscript{rd} ACM ICTIR},
 year = {2017},
 pages = {237--240},
 numpages = {4},
}

@article{hearst1997texttiling,
 author = {Hearst, Marti A.},
 title = {TextTiling: Segmenting Text into Multi-paragraph Subtopic Passages},
 journal = {Comput. Linguist.},
 issue_date = {March 1997},
 volume = {23},
 number = {1},
 year = {1997},
 pages = {33--64},
 numpages = {32},
}

@inproceedings{harper2006piling,
 author = {Harper, David J. and Kelly, Diane},
 title = {Contextual Relevance Feedback},
 booktitle = {Proc 1\textsuperscript{st} ACM IIiX},
 year = {2006},
 pages = {129--137},
 numpages = {9},
} 


@book{hearst2009_search,
	Author = {Hearst, Marti},
	Publisher = {Cambridge University Press},
	Title = {Search user interfaces},
	Year = {2009}}

@inproceedings{diriye2012abandonment,
 author = {Diriye, Abdigani and White, Ryen and Buscher, Georg and Dumais, Susan},
 title = {Leaving So Soon?: Understanding and Predicting Web Search Abandonment Rationales},
 booktitle = {Proc. 21\textsuperscript{st} ACM CIKM},
 year = {2012},
 pages = {1025--1034},
 numpages = {10},
} 

@inproceedings{kiseleva2015serp_fails,
 author = {Kiseleva, Julia and Kamps, Jaap and Nikulin, Vadim and Makarov, Nikita},
 title = {Behavioral Dynamics from the SERP's Perspective: What Are Failed SERPs and How to Fix Them?},
 booktitle = {Proc. 24\textsuperscript{th} ACM CIKM},
 year = {2015},
 pages = {1561--1570},
 numpages = {10},
}

@article{sparckjones2007ambiguity,
author = {Sp\"{a}rck-Jones, Karen and Robertson, Stephen E. and Sanderson, Mark},
title = {Ambiguous Requests: Implications for Retrieval Tests, Systems and Theories},
journal = {SIGIR Forum},
issue_date = {December 2007},
volume = {41},
number = {2},
year = {2007},
issn = {0163-5840},
pages = {8--17},
numpages = {10},
}

@article{he2011diversification_clustering,
 author = {He, Jiyin and Meij, Edgar and de Rijke, Maarten},
 title = {Result Diversification Based on Query-specific Cluster Ranking},
 journal = {J. Am. Soc. Inf. Sci. Technol.},
 issue_date = {March 2011},
 volume = {62},
 number = {3},
 year = {2011},
 pages = {550--571},
 numpages = {22},
} 

@inproceedings{santos2010query_reformulations_diversification,
 author = {Santos, Rodrygo L.T. and Macdonald, Craig and Ounis, Iadh},
 title = {Exploiting Query Reformulations for Web Search Result Diversification},
 booktitle = {Proc. 19\textsuperscript{th} WWW},
 year = {2010},
 location = {Raleigh, North Carolina, USA},
 pages = {881--890},
 numpages = {10},
} 

@inproceedings{radlinski2006diversification,
 author = {Radlinski, Filip and Dumais, Susan},
 title = {Improving Personalized Web Search Using Result Diversification},
 booktitle = {Proc. 29\textsuperscript{th} ACM SIGIR},
 year = {2006},
 pages = {691--692},
 numpages = {2},
} 

@inproceedings{agrawal2009diversification,
 author = {Agrawal, Rakesh and Gollapudi, Sreenivas and Halverson, Alan and Ieong, Samuel},
 title = {Diversifying Search Results},
 booktitle = {Proc. 2\textsuperscript{nd} ACM WSDM},
 year = {2009},
 pages = {5--14},
 numpages = {10},
}

@article{zuccon2013crowdsourcing,
 title={Crowdsourcing interactions: using crowdsourcing for evaluating interactive information retrieval systems},
 author={Zuccon, G. and Leelanupab, T. and Whiting, S. and Yilmaz, E. and Jose, J.M. and Azzopardi, L.},
 journal={Information Retrieval},
 volume={16},
 number={2},
 pages={267--305},
 year={2013},
}

@article{zuccon2009qprp,
            year = {2009},
           title = {The Quantum Probability Ranking Principle for Information Retrieval},
          author = {Guido Zuccon and Leif A. Azzopardi and Keith van Rijsbergen},
          volume = {5766},
         journal = {LNCS: Advances in IR Theory},
           pages = {232--240},
}



@inproceedings{feild2010turkers,
 author = {Feild, H. and Jones, R. and Miller, R.C. and Nayak, R. and Churchill, E.F. and Velipasaoglu, E.},
 title = {Logging the search self-efficacy of amazon mechanical turkers},
 booktitle = {Proc. CSE SIGIR Workshop},
 year = {2010},
 pages = {27--30},
 numpages = {4},
}

@inproceedings{bota2016playing_your_cards,
 author = {Bota, Horatiu and Zhou, Ke and Jose, Joemon M.},
 title = {Playing Your Cards Right: The Effect of Entity Cards on Search Behaviour and Workload},
 booktitle = {Proc. 1\textsuperscript{st} ACM CHIIR},
 year = {2016},
 pages = {131--140},
 numpages = {10},
}

@inproceedings{rose2004understanding_user_goals,
 author = {Rose, Daniel E. and Levinson, Danny},
 title = {Understanding User Goals in Web Search},
 booktitle = {Proc. 13\textsuperscript{th} WWW},
 year = {2004},
 pages = {13--19},
 numpages = {7},
}

@inproceedings{tang2010spatial_diversity,
    author="Tang, Jiayu and Sanderson, Mark",
    title="Evaluation and User Preference Study on Spatial Diversity",
    booktitle="Proc. 32\textsuperscript{nd} ECIR",
    year="2010",
    pages="179--190",
}

@inproceedings{carbonell1998mmr,
 author = {Carbonell, Jaime and Goldstein, Jade},
 title = {The Use of MMR, Diversity-based Reranking for Reordering Documents and Producing Summaries},
 booktitle = {Proc. 21\textsuperscript{st} ACM SIGIR},
 year = {1998},
 pages = {335--336},
 numpages = {2},
} 

@inproceedings{sanderson2009diversity,
    author="Sanderson, Mark and Tang, Jiayu and Arni, Thomas and Clough, Paul",
    title="What Else Is There? Search Diversity Examined",
    bookTitle="Proc 31\textsuperscript{st} ECIR",
    year="2009",
    pages="562--569",
}

@Inbook{vankreveld2005geographic_ir,
    author="van Kreveld, Marc and Reinbacher, Iris and Arampatzis, Avi and van Zwol, Roelof",
    title="Distributed Ranking Methods for Geographic Information Retrieval",
    bookTitle="Developments in Spatial Data Handling: 11th International Symposium on Spatial Data Handling",
    year="2005",
    publisher="Springer Berlin Heidelberg",
    address="Berlin, Heidelberg",
    pages="231--243",
}

@inproceedings{clough2006spatial_relevance,
    author="Clough, Paul D. and Joho, Hideo and Purves, Ross",
    title="Judging the Spatial Relevance of Documents for GIR",
    bookTitle="Proc. 28\textsuperscript{th} ECIR",
    year="2006",
    pages="548--552",
}

@inproceedings{grubinger2006iapr,
    author = {Grubinger, M. and Clough, P. and M{"u}ller, H. and Deselaers, T.},
    booktitle = {International Workshop OntoImage},
    pages = {13--23},
    title = {{The iapr tc-12 benchmark: A new evaluation resource for visual information systems}},
    year = {2006}
}

@article{sparckjones2007ambiguous_requests,
    author = {Sp\"{a}rck-Jones, Karen and Robertson, Stephen E. and Sanderson, Mark},
    title = {Ambiguous Requests: Implications for Retrieval Tests, Systems and Theories},
    journal = {SIGIR Forum},
    issue_date = {December 2007},
    volume = {41},
    number = {2},
    year = {2007},
    issn = {0163-5840},
    pages = {8--17},
    numpages = {10},
} 

@phdthesis{zhai2002risk_minimisation,
    author = {ChengXiang Zhai},
    title = {Risk Minimization and Language Modeling in Text Retrieval},
    institution = {Carnegie Mellon University},
    year = {2002}
}

@inproceedings{chen2006probabilistic_models,
 author = {Chen, Harr and Karger, David R.},
 title = {Less is More: Probabilistic Models for Retrieving Fewer Relevant Documents},
 booktitle = {Proc. 29\textsuperscript{th} ACM SIGIR},
 year = {2006},
 pages = {429--436},
 numpages = {8},
} 

@inproceedings{sanderson2008ambiguous_queries,
 author = {Sanderson, Mark},
 title = {Ambiguous Queries: Test Collections Need More Sense},
 booktitle = {Proc. 31\textsuperscript{st} ACM SIGIR},
 year = {2008},
 pages = {499--506},
 numpages = {8},
}

@article{song2009ambiguous_queries,
    title = "Identification of ambiguous queries in web search",
    journal = "Information Processing & Management",
    volume = "45",
    number = "2",
    pages = "216 - 229",
    year = "2009",
    author = "Ruihua Song and Zhenxiao Luo and Jian-Yun Nie and Yong Yu and Hsiao-Wuen Hon",
}

@inproceedings{clarke2008novelty_diversity,
 author = {Clarke, Charles L.A. and Kolla, Maheedhar and Cormack, Gordon V. and Vechtomova, Olga and Ashkan, Azin and B\"{u}ttcher, Stefan and MacKinnon, Ian},
 title = {Novelty and Diversity in Information Retrieval Evaluation},
 booktitle = {Proc. 31\textsuperscript{st} ACM SIGIR},
 year = {2008},
 pages = {659--666},
 numpages = {8},
}

@inproceedings{villa2009aspect_interface,
 author = {Villa, Robert and Cantador, Iv\'{a}n and Joho, Hideo and Jose, Joemon M.},
 title = {An Aspectual Interface for Supporting Complex Search Tasks},
 booktitle = {Proc. 32\textsuperscript{nd} ACM SIGIR},
 year = {2009},
 pages = {379--386},
 numpages = {8},
}

@article{krovetz1992lexical_ambiguity,
 author = {Krovetz, Robert and Croft, W. Bruce},
 title = {Lexical Ambiguity and Information Retrieval},
 journal = {ACM Trans. Inf. Syst.},
 issue_date = {April 1992},
 volume = {10},
 number = {2},
 year = {1992},
 issn = {1046-8188},
 pages = {115--141},
 numpages = {27},
}

@inproceedings{kelly2015search_tasks,
 author = {Kelly, Diane and Arguello, Jaime and Edwards, Ashlee and Wu, Wan-ching},
 title = {Development and Evaluation of Search Tasks for IIR Experiments Using a Cognitive Complexity Framework},
 booktitle = {Proc. 1\textsuperscript{st} ACM ICTIR},
 year = {2015},
 pages = {101--110},
 numpages = {10},
}

@inproceedings{chen2001mouse_cursor,
 author = {Chen, Mon Chu and Anderson, John R. and Sohn, Myeong Ho},
 title = {What Can a Mouse Cursor Tell Us More?: Correlation of Eye/Mouse Movements on Web Browsing},
 booktitle = {Proc. 19\textsuperscript{th} ACM CHI Extended Abstracts},
 year = {2001},
 pages = {281--282},
 numpages = {2},
} 

@inproceedings{smucker2014judging_relevance_movements,
author = {Smucker, M.D. and Guo, X.S. and Toulis, A.},
title = {Mouse Movement During Relevance Judging: Implications for Determining User Attention},
booktitle = {Proc. 37\textsuperscript{th} ACM SIGIR},
year = {2014},
pages = {979--982},
numpages = {4},
}

@techreport{collinsthompson2013trec,
     title = {TREC 2013 Web Track Overview},
     author = {Collins-Thompson, K. and Bennett, P.N., and Diaz, F., and Clarke, C., and Voorhees, E.},
     year = {2014},
     institution = {NIST Special Publication},
     month = {02},
}

@inproceedings{wu1998document_relationships,
  author="Wu, Mingfang and Wilkinson, Ross",
  editor="Munson, Ethan V. and Nicholas, Charles and Wood, Derick",
  title="Using Document Relationships for Better Answers",
  booktitle="Principles of Digital Document Processing",
  year="1998",
  pages="43--52",
}

